@misc{abramowitz,
  title={Handbook of mathematical functions with formulas, graphs, and mathematical tables},
  author={Abramowitz, Milton and Stegun, Irene A and Romer, Robert H},
  year={1988},
  publisher={American Association of Physics Teachers}
}

@article{bar1982exponential,
  title={An exponential subfamily which admits UMPU tests based on a single test statistic},
  author={Bar-Lev, Shaul K and Reiser, Benjamin},
  journal={The Annals of Statistics},
  pages={979--989},
  year={1982},
  publisher={JSTOR}
}

@article{ramos2023asymptotic,
  title={Asymptotic properties of generalized closed-form maximum likelihood estimators},
  author={Ramos, Pedro L and Ramos, Eduardo and Rodrigues, Francisco A and Louzada, Francisco},
  journal={arXiv preprint arXiv:2102.07356},
  year={2023}
}

@article{ramos2021bayesian,
  title={Bayesian analysis of the inverse generalized gamma distribution using objective priors},
  author={Ramos, Pedro L and Mota, Alex L and Ferreira, Paulo H and Ramos, Eduardo and Tomazella, Vera LD and Louzada, Francisco},
  journal={Journal of Statistical Computation and Simulation},
  volume={91},
  number={4},
  pages={786--816},
  year={2021},
  publisher={Taylor \& Francis}
}

@article{achire2024posterior,
  title={On the posterior property of the Rician distribution},
  author={Achire, Enrique and Ramos, Eduardo and Ramos, Pedro Luiz},
  journal={Statistics},
  pages={1--20},
  year={2024},
  publisher={Taylor \& Francis}
}

@article{henningsen2011maxlik,
  title={maxLik: A package for maximum likelihood estimation in R},
  author={Henningsen, Arne and Toomet, Ott},
  journal={Computational Statistics},
  volume={26},
  number={3},
  pages={443--458},
  year={2011},
  publisher={Springer}
}

@Manual{rsoftware20024,
    title = {R: A Language and Environment for Statistical Computing},
    author = {{R Core Team}},
    organization = {R Foundation for Statistical Computing},
    address = {Vienna, Austria},
    year = {2024},
    url = {https://www.R-project.org/},
  }

@article{tibshirani1989noninformative,
  title={Noninformative priors for one parameter of many},
  author={Tibshirani, Robert},
  journal={Biometrika},
  volume={76},
  number={3},
  pages={604--608},
  year={1989},
  publisher={Oxford University Press}
}

@article{bernardo1979a,
  title={Reference posterior distributions for Bayesian inference},
  author={Bernardo, Jose M},
  journal={j Roy Stat Soc B},
  pages={113--147},
  year={1979},
  publisher={JSTOR}
}

@article{bernardo2005,
  title={Reference analysis},
  author={Bernardo, Jose M},
  journal={Handb Stat},
  volume={25},
  pages={17--90},
  year={2005},
  publisher={Elsevier}
}

@article{berger2015,
  title={Overall objective priors},
  author={Berger, J O and Bernardo, J M and Sun, Dongchu and others},
  journal={Bayesian Anal},
  volume={10},
  number={1},
  pages={189--221},
  year={2015},
  publisher={International Society for Bayesian Analysis}
}

@book{box2011bayesian,
  title={Bayesian inference in statistical analysis},
  author={Box, George EP AND Tiao, George C},
  volume={40},
  year={2011},
  publisher={JWS}
}



@article{cox1987parameter,
  title={Parameter orthogonality and approximate conditional inference},
  author={Cox, David Roxbee AND Reid, Nancy},
  journal={j Roy Stat Soc B},
  pages={1--39},
  year={1987},
  publisher={JSTOR}
}

@book{folland,
   title	= {Real analysis: modern techniques and their applications},
   author={Folland, Gerald B},
   address	= {New York},
   publisher	= {Wiley},
   year		= {1999},
   edition	= {2},
}


@book{gamerman2006markov,
  title={Markov chain Monte Carlo: stochastic simulation for Bayesian inference},
  author={Gamerman, Dani and Lopes, Hedibert F},
  year={2006},
  publisher={CRC Press}
}

@article{gelfand1990sampling,
  title={Sampling-based approaches to calculating marginal densities},
  author={GELFAND, ALAN E AND SMITH, ADRIAN FM},
  journal={J Am Stat Assoc},
  volume={85},
  number={410},
  pages={398--409},
  year={1990},
  publisher={Taylor \& Francis Group}
}


@techreport{geweke1991evaluating,
  title={Evaluating the accuracy of sampling-based approaches to the calculation of posterior moments},
  author={Geweke, John},
  year={1991},
  institution={Federal Reserve Bank of Minneapolis}
}

@article{ramos2024entropy,
  title={Objective Bayesian analysis for the differential entropy of the Gamma distribution},
  author={Ramos, Eduardo and Egbon, Osafu A and Ramos, Pedro L and Rodrigues, Francisco A and Louzada, Francisco},
  journal={Brazilian Journal of Probability and Statistics},
  volume={38},
  number={1},
  pages={53--73},
  year={2024},
  publisher={Brazilian Statistical Association}
}

@article{cox1968,
  title={A general definition of residuals},
  author={Cox, David R and Snell, E Joyce},
  journal={Journal of the Royal Statistical Society: Series B (Methodological)},
  volume={30},
  number={2},
  pages={248--265},
  year={1968},
  publisher={Wiley Online Library}
}

@inproceedings{jeffreys1946invariant,
  title={An invariant form for the prior probability in estimation problems},
  author={Jeffreys, Harold},
  booktitle={P Roy Soc A-Math Phy},
  volume={186},
  number={1007},
  pages={453--461},
  year={1946},
  organization={The Royal Society}
}


@article{kass1996selection,
  title={The selection of prior distributions by formal rules},
  author={Kass, R E and Wasserman, L},
  journal={J Am Stat Assoc},
  volume={91},
  number={435},
  pages={1343--1370},
  year={1996},
  publisher={Taylor \& Francis Group}
}

@article{liseo1993elimination,
  title={Elimination of nuisance parameters with reference priors},
  author={LISEO, BRUNERO},
  journal={Biometrika},
  volume={80},
  number={2},
  pages={295--304},
  year={1993},
  publisher={Biometrika Trust}
}

@article{moala2013bayesian,
  title={Bayesian Inference for Two-Parameter Gamma Distribution Assuming Different Noninformative Priors},
  author={MOALA, FERNANDO ANTONIO AND RAMOS, PEDRO LUIZ AND ACHCAR, JORGE ALBERTO},
  journal={Rev Colomb Eetad},
  volume={36},
  number={2},
  pages={321--338},
  year={2013}
}

@article{miller1980bayesian,
  title={Bayesian analysis of the two-parameter gamma distribution},
  author={Miller, R B},
  journal={Technometrics},
  volume={22},
  number={1},
  pages={65--69},
  year={1980},
  publisher={Taylor \& Francis}
}

@article{mukerjee1993frequentist,
  title={Frequentist validity of posterior quantiles in the presence of a nuisance parameter: higher order asymptotics},
  author={MUKERJEE, RAHUL AND DEY, DIPAK K},
  journal={Biometrika},
  volume={80},
  number={3},
  pages={499--505},
  year={1993},
  publisher={Biometrika Trust}
}

@article{northrop2016,
  title={Posterior propriety in Bayesian extreme value analyses using reference priors},
  author={Northrop, PJ and Attalides, N},
  journal={Stat Sinica},
  volume={26},
  number={2},
  year={2016},
  publisher={Academia Sinica, Institute of Statistical Science}
}

@article{pal2006exponentiated,
  title={Exponentiated Weibull distribution},
  author={PAL, MANISHA AND ALI, M MASOOM AND WOO, JUNGSOO},
  journal={Statistica},
  volume={66},
  number={2},
  pages={139--147},
  year={2006}
}

@article{sun1996frequentist,
  title={Frequentist validity of posterior quantiles for a two-parameter exponential family},
  author={SUN, DONGCHU AND YE, KEYING},
  journal={Biometrika},
  volume={83},
  number={1},
  pages={55--65},
  year={1996},
  publisher={Biometrika Trust}
}





@article{zellner1,
  title={Maximal Data Information Prior Distributions},
  author={Zellnet, Arnold},
  journal={New Meth Appli Bay Meth},
  year={1977},
  publisher={ North- Holland, Amsterdam.}
}

@article{zellner2,
  title={Maximal Data Information Prior Distributions},
  author={Zellner, Arnold},
  journal={Bas Iss Econ},
  year={1984},
  publisher={U. of Chicago Press}
}

@article{dey2018objective,
  title={Objective and subjective prior distributions for the Gompertz distribution},
  author={Dey, Sanku and Moala, Fernando A},
  journal={An Acad Bras Cienc},
  volume={90},
  number={3},
  pages={2643--2661},
  year={2018},
  publisher={SciELO Brasil}
}

@article{son2006bayesian,
  title={Bayesian estimation of the two-parameter Gamma distribution},
  author={Son, Young Sook and Oh, Mira},
  journal={Communications in Statistics-Simulation and Computation},
  volume={35},
  number={2},
  pages={285--293},
  year={2006},
  publisher={Taylor \& Francis}
}


@article{ramos2019improved,
  title={Improved Bayes estimators and prediction for the Wilson-Hilferty distribution},
  author={RAMOS, PEDRO L AND ALMEIDA, MARCO P AND TOMAZELLA, VERA LD AND LOUZADA, FRANCISCO},
  journal={An Acad Bras Cienc},
  volume={91},
  number={3},
  year={2019},
  publisher={SciELO Brasil}
}

@article{ramos2021posterior,
  title={On posterior properties of the two parameter gamma family of distributions},
  author={Ramos, Pedro L and Dey, Dipak K and Louzada, Francisco and Ramos, Eduardo},
  journal={Anais da Academia Brasileira de Ci{\^e}ncias},
  volume={93},
  year={2021},
  publisher={SciELO Brasil}
}


@article{ramos2020power,
  title={Power laws distributions in objective priors},
  author={Ramos, Pedro L and Rodrigues, Francisco A and Ramos, Eduardo and Dey, Dipak K and Louzada, Francisco},
  journal={Statistica Sinica},
  volume={33},
  year={2023}
}



@article{louzada2018efficient,
  title={Efficient closed-form maximum a posteriori estimators for the gamma distribution},
  author={Louzada, F and Ramos, P L},
  journal={J Stat Comput Sim},
  volume={88},
  number={6},
  pages={1134--1146},
  year={2018},
  publisher={Taylor \& Francis}
}

@article{ramos2024sampling,
  title={Sampling with censored data: a practical guide},
  author={Ramos, Pedro L and Guzman, Daniel CF and Mota, Alex L and Saavedra, Daniel A and Rodrigues, Francisco A and Louzada, Francisco},
  journal={Journal of Statistical Computation and Simulation},
  pages={1--35},
  year={2024},
  publisher={Taylor \& Francis}
}

@article{de2001jeffreys,
  title={Jeffreys priors for survival models with censored data},
  author={De Santis, Fulvio and Mortera, Julia and Nardi, Alessandra},
  journal={Journal of Statistical Planning and Inference},
  volume={99},
  number={2},
  pages={193--209},
  year={2001},
  publisher={Elsevier}
}

@article{louzada2019note,
  title={A note on bias of closed-form estimators for the gamma distribution derived from likelihood equations},
  author={Louzada, Francisco and Ramos, Pedro L and Ramos, Eduardo},
  journal={The American Statistician},
  volume={73},
  number={2},
  pages={195--199},
  year={2019},
  publisher={Taylor \& Francis}
}

@article{ye2017closed,
  title={Closed-form estimators for the gamma distribution derived from likelihood equations},
  author={Ye, Zhi Sheng and Chen, Nan},
  journal={The American Statistician},
  volume={71},
  number={2},
  pages={177--181},
  year={2017},
  publisher={Taylor \& Francis}
}

@article{wang2018inference,
  title={Inference on the gamma distribution},
  author={Wang, Bing Xing and Wu, Fangtao},
  journal={Technometrics},
  volume={60},
  number={2},
  pages={235--244},
  year={2018},
  publisher={Taylor \& Francis}
}

@article{tian2022specifying,
  title={Specifying prior distributions in reliability applications},
  author={Tian, Qinglong and Lewis-Beck, Colin and Niemi, Jarad B and Meeker, William Q},
  journal={Applied Stochastic Models in Business and Industry},
  year={2022},
  publisher={Wiley Online Library}
}

@article{ramos2020posterior,
  title={Posterior properties of the Weibull distribution for censored data},
  author={Ramos, Eduardo and Ramos, Pedro L and Louzada, Francisco},
  journal={Statistics \& Probability Letters},
  volume={166},
  pages={108873},
  year={2020},
  publisher={Elsevier}
}



%%%%% Novas Referências %%%%

@article{1990-Geddes,
title	= {Evaluation of classes of definite integrals involving elementary functions via differentiation of special functions},
author	= {Geddes, K O and Glasser,  M L and others},
journal	= {Applicable Algebra in Engineering, Communication and Computing},
year	= {1990},
volume	= {1},
issue	= {2},
page	= {149--165},
}

@book{2013-Schervish,
   title =     {Theory of statistics},
   author =  {Schervish, Mark J},
   publisher = {World Publishing Corporation},
   year =      {2013},
   series =    {Springer series in statistics},
   }

@book{2010-Marcus,
   title =     {A Survey of Matrix Theory and Matrix Inequalities},
   author =    {Marcus, M and Minc, H},
   publisher = {Dover Publications},
   year =      {2010},
   edition =   {Revised ed.}}

